<?xml version="1.0" encoding="UTF-8"?>
<collection xmlns:xsi="http://www.w3.org/2001/XMLSchema-instance" xsi:schemaLocation="http://www.loc.gov/MARC21/slim http://www.loc.gov/standards/marcxml/schema/MARC21slim.xsd" xmlns="http://www.loc.gov/MARC21/slim">
<record>
  <leader>01131cam a2200265   4500</leader>
  <controlfield tag="001">3059233</controlfield>
  <controlfield tag="003">NNC</controlfield>
  <controlfield tag="005">20130426014700.0</controlfield>
  <controlfield tag="008">890823s1938    ua            000 0 arar </controlfield>
  <datafield tag="010" ind1=" " ind2=" ">
    <subfield code="a">ne 68001628 </subfield>
  </datafield>
  <datafield tag="035" ind1=" " ind2=" ">
    <subfield code="a">(OCoLC)ocm20240331</subfield>
  </datafield>
  <datafield tag="035" ind1=" " ind2=" ">
    <subfield code="9">ATM7842CU</subfield>
  </datafield>
  <datafield tag="035" ind1=" " ind2=" ">
    <subfield code="a">(NNC)3059233</subfield>
  </datafield>
  <datafield tag="040" ind1=" " ind2=" ">
    <subfield code="a">DLC</subfield>
    <subfield code="c">CUY</subfield>
    <subfield code="d">CUY</subfield>
    <subfield code="d">ZCU</subfield>
  </datafield>
  <datafield tag="099" ind1=" " ind2=" ">
    <subfield code="a">893.799</subfield>
    <subfield code="a">Ib5433</subfield>
  </datafield>
  <datafield tag="100" ind1="1" ind2=" ">
    <subfield code="a">Ibn Ḥajar al-Haythamī, Aḥmad ibn Muḥammad,</subfield>
    <subfield code="d">approximately 1503-approximately 1566.</subfield>
  </datafield>
  <datafield tag="245" ind1="1" ind2="3">
    <subfield code="a">al-Fatāwá al-kubrá al-fiqhīyah,</subfield>
    <subfield code="c">li-Ibn Ḥajar al-Makkī al-Haythamī. Wa-bi-hāmishihī fatāwá Shams al-Dīn Muḥammad ibn Shihāb al-Dīn Aḥmad ibn Aḥmad ibn Ḥamzah al-Ramlī.</subfield>
  </datafield>
  <datafield tag="260" ind1=" " ind2=" ">
    <subfield code="a">Miṣr,</subfield>
    <subfield code="b">Multazim al-Ṭabʻ wa-al-Nashr ʻAbd al-Ḥamīd Aḥmad Ḥanafī,</subfield>
    <subfield code="c">[1938]</subfield>
  </datafield>
  <datafield tag="300" ind1=" " ind2=" ">
    <subfield code="a">4 v.</subfield>
    <subfield code="c">29 cm.</subfield>
  </datafield>
  <datafield tag="500" ind1=" " ind2=" ">
    <subfield code="a">On the marjin: Decisions by Aḥmad ibn Muḥammad al-Ramlī, compiled and arranged by his son Muḥammad.</subfield>
  </datafield>
  <datafield tag="650" ind1=" " ind2="0">
    <subfield code="a">Islamic law.</subfield>
  </datafield>
  <datafield tag="650" ind1=" " ind2="0">
    <subfield code="a">Shiites.</subfield>
  </datafield>
  <datafield tag="700" ind1="1" ind2=" ">
    <subfield code="a">Ramlī, Aḥmad ibn Aḥmad,</subfield>
    <subfield code="d">1513-1550.</subfield>
    <subfield code="t">Fatāwá.</subfield>
  </datafield>
  <datafield tag="700" ind1="1" ind2=" ">
    <subfield code="a">Ramlī, Muḥammad ibn Aḥmad,</subfield>
    <subfield code="d">1513-1596.</subfield>
  </datafield>
  <datafield tag="955" ind1=" " ind2=" ">
    <subfield code="b">0026816946</subfield>
    <subfield code="d">glx</subfield>
    <subfield code="e">893.799 Ib5453</subfield>
    <subfield code="v">v.1</subfield>
  </datafield>
</record>
</collection>